@online{abcd,
  title={A Basis for Concurrency and Distribution},
  note={http://groups.inf.ed.ac.uk/abcd/}
}

@online{eabcd,
  title={From Data Types to Session Types - A Basis for Concurrency and Distribution},
  note={http://gow.epsrc.ac.uk/NGBOViewGrant.aspx?GrantRef=EP/K034413/1}
}

// Scribble
@misc{scribble,
  key = {SCRIBBLE},
  title = {Scribble Project Homepage},
  note = {\url{www.scribble.org}}
}

@misc{SMTP-rfc,
  key = {SMTP},
  title = {Simple Mail Transfer Protocol, {RFC} 821},
  note = {\url{https://tools.ietf.org/html/rfc821}}
}

@unpublished{mungo,
author={Dimitrios Kouzapas, Ornela Dardha, Roly Perera and Simon J. Gay},
title={Mungo: Typechecking Protocols},
note_={\texttt{http://www.dcs.gla.ac.uk/research/mungo/index.html}. FOOL},
year={2016}
}
