@PREAMBLE( "\newcommand{\noopsort}[1]{}" )
@STRING{acmp    = "ACM Press"}
@STRING{addison = "Addison-Wesley"}
@STRING(ai      = "Acta Informatica" )
@STRING(asean   = "Asian Computing Science Conference (ASIAN)" )
@STRING(brics   = "Danish Institute of Basic Research on Computer Science (BRICS)" )
@STRING(btcs    = "Bulletin of the European Association for Theoretical Computer Science (EATCS)" )
@STRING(cacm    = "Communications of the ACM" )
@STRING(ch      = "Chapman \& Hall" )
@STRING(concur  = "International Conference on Concurrency Theory (CONCUR)" )
@STRING(csp     = "Computer Society Press" )
@STRING(cup     = "Cambridge University Press" )
@STRING(dmist   = "Department of Mathematics, Instituto Superior T{\'e}cnico, Technical University of Lisbon, Portugal" )
@STRING(dcsfcul = "Department of Computer Science, University of Lisbon, Portugal" )
@STRING(docs    = "Department of Computer Systems, Uppsala University, Sweden" )
@STRING(eatcs   = "European Association for Theoretical Computer Science (EATCS)" )
@STRING(ecoop   = "European Conference on Object-Oriented Programming (ECOOP)" )
@STRING(esp     = "Elsevier Science Publishers" )
@STRING(entcs	= "Electronic Notes in Theoretical Computer Science (ENTCS)" )
@STRING(europar = "European Conference on Parallel Processing (Euro-Par)" )
@STRING(fac     = "Journal of Formal Aspects of Computing" )
@STRING(fmoods  = "{IFIP} Conference on Formal Methods for Open Object-based Distributed Systems" )
@STRING(hlcl    = "International Workshop on High-Level Concurrent Languages" )
@STRING(icalp   = "Colloquium on Automata, Languages and Programming (ICALP)" )
@STRING(i3ecsp  = "IEEE Computer Society Press" )
@STRING(ipl     = "Information Processing Letters" )
@STRING(jic     = "Journal of Information and Computation" )
@STRING(joc     = "SIAM Journal on Computing" )
@STRING(jucs    = "Journal of Universal Computer Science" )
@STRING(lfcs    = "Laboratory for Foundations of Computer Science, University of Edinburgh, U.~K." )
@STRING(lics    = "Annual Symposium on Logic in Computer Science (LICS)" )
@STRING(lncs	= "Lecture Notes in Computer Science" )
@STRING(mfcs    = "Mathematical Foundations of Computer Science" )
@STRING(mfps    = "Mathematical Foundations of Programming Semantics" )
@STRING(mit     = "M.~I.~T.\ Press" )
@STRING(mscs    = "Mathematical Structures in Computer Science" )
@COMMENT{nato-f	= "Series F: Computer and System Sciences" }@STRING(nato-f="Series F" )
@COMMENT{natoasi= "NATO Advanced Study Institute" }@STRING(natoasi="NATO ASI" )
@STRING(nh      = "North-Holland" )
@STRING(njoc    = "Nordic Journal of Computing" )
@STRING(ph      = "Prentice Hall" )
@STRING(podc    = "Annual Symposium on Principles of Distributed Computing (PODC)" )
@STRING(popl    = "Annual Symposium on Principles of Programming Languages (POPL)" )
@STRING(ppdp    = "International Conference on Principles and Practice of Declarative Programming (PPDP)" )
@STRING(soap    = "Semantics of Objects as Processes (SOAP)" )
@STRING(slfp    = "Symposium on {\sc Lisp} and Functional Programming" )
@STRING(sussex  = "School of Cognitive and Computing Sciences, University of Sussex, UK" )
@STRING(sv	= "Springer-Verlag" )
@STRING(tapos   = "Theory and Practice of Object Systems" )
@STRING(tacas   = "Tools and Algorithms for the Construction and Analysis of Systems" )
@STRING(tcs     = "Theoretical Computer Science" )
@STRING(toplas  = "ACM Transactions on Programming Languages and Systems" )

@inproceedings{ng12,
  author    = {Nicholas Ng and
               Nobuko Yoshida and
               Kohei Honda},
  title     = {Multiparty Session {C:} Safe Parallel Programming with Message Optimisation},
  booktitle_ = {Objects, Models, Components, Patterns - 50th International Conference,
               {TOOLS} 2012, Prague, Czech Republic, May 29-31, 2012. Proceedings},
  booktitle = {{TOOLS} '12},
  pages     = {202--218},
  series = {Springer LNCS},
  volume = {7304},
  year      = {2012},
  }

@article{ng12b,
  title={Session types: towards safe and fast reconfigurable programming},
  author={Ng, Nicholas and Yoshida, Nobuko and Niu, Xin Yu and Tsoi, Kuen Hung},
  journal={ACM SIGARCH Computer Architecture News},
  volume={40},
  number={5},
  pages={22--27},
  year={2012},
  publisher={ACM}
}

@inproceedings{fowler,
  author    = {Simon Fowler},
  year      = {2016},
  title     = {An {E}rlang Implementation of Multiparty Session Actors},
  booktitle = {{\rm Proceedings 9th}
               Interaction and Concurrency Experience},
  series    = {Electronic Proceedings in Theoretical Computer Science},
  volume    = {223},
  publisher = {Open Publishing Association},
  pages     = {1-23},
}

@inproceedings{ng16,
  title={Static deadlock detection for concurrent go by global session graph synthesis},
  author={Ng, Nicholas and Yoshida, Nobuko},
  booktitle={Proceedings of the 25th International Conference on Compiler Construction},
  pages={174--184},
  year={2016},
  organization={ACM}
}

@inproceedings{kouzapas16,
 author = {Kouzapas, Dimitrios and Dardha, Ornela and Perera, Roly and Gay, Simon J.},
 title = {Typechecking Protocols with {Mungo} and {StMungo}},
 booktitle = {Proceedings of the 18th International Symposium on Principles and Practice of Declarative Programming},
 series = {PPDP '16},
 year = {2016},
 isbn = {978-1-4503-4148-6},
 location = {Edinburgh, United Kingdom},
 pages = {146--159},
 numpages = {14},
 publisher = {ACM},
 }


@inproceedings{hu08,
  title={Session-based distributed programming in {J}ava},
  author={Hu, Raymond and Yoshida, Nobuko and Honda, Kohei},
  booktitle={European Conference on Object-Oriented Programming},
  pages={516--541},
  year={2008},
  organization={Springer}
}

@misc{scribble,
  key = {Scribble},
  title = {Scribble Project Homepage},
  note = {\url{www.scribble.org}}
}
@misc{sepi,
  key = {SePi},
  title = {SePi Homepage},
  note = {\url{http://gloss.di.fc.ul.pt/sepi}}
}
@misc{abcd,
  key = {ABCD},
  title = {A {B}asis for {C}oncurrency and {D}istribution},
  note = {\url{http://groups.inf.ed.ac.uk/abcd/}},
  year={2013}
}

@misc{links,
  key = {Links},
  title={Links: Linking Theory to Practice for the Web},
  note = {\url{http://groups.inf.ed.ac.uk/links/}}
}

@article{lindleylightweight,
  title={Lightweight Functional Session Types},
  author={Lindley, Sam and Morris, J Garrett},
  year={2015}
}

@misc{tytra,
  key = {Tytra},
  title={Exploiting {P}arallelism through {T}ype {T}ransformations for {H}ybrid {M}anycore {S}ystems},
  note = {\url{http://tytra.org.uk}}
}

@inproceedings{toninho2013higher,
  title={Higher-order processes, functions, and sessions: A monadic integration},
  author={Toninho, Bernardo and Caires, Luis and Pfenning, Frank},
  booktitle={European Symposium on Programming},
  pages={350--369},
  year={2013},
  organization={Springer}
}

@inproceedings{vasco09,
  title={Fundamentals of session types},
  author={Vasconcelos, Vasco T},
  booktitle={International School on Formal Methods for the Design of Computer, Communication and Software Systems},
  pages={158--186},
  year={2009},
  organization={Springer}
}

@inproceedings{hu16,
  author    = {Raymond Hu and Nobuko Yoshida},
  title     = {Hybrid Session Verification Through Endpoint {API} Generation},
  booktitle = {FASE '16},
  pages     = {401--418},
  series = {Springer LNCS},
  volume = {9633},
  year      = {2016},
}

@inproceedings{honda93,
author={Kohei Honda},
title={Types for Dyadic Interaction},
booktitle={Proceedings of the 4th International Conference on Concurrency Theory (CONCUR)},
series={Springer LNCS},
volume={715},
pages={509--523},
year={1993} }

@article{takeuchi94,
title={An Interaction-Based Language and its Typing System},
author={Kaku Takeuchi and Kohei Honda and Makoto Kubo},
journal={PARLE, Springer LNCS},
pages={398--413},
year={1994},
publisher={Springer},
series={Springer LNCS},
volume={817} }

@article{yoshida07,
  title={Language primitives and type discipline for structured communication-based programming revisited: Two systems for higher-order session communication},
  author={Yoshida, Nobuko and Vasconcelos, Vasco T},
  journal={Electronic Notes in Theoretical Computer Science},
  volume={171},
  number={4},
  pages={73--93},
  year={2007},
  publisher={Elsevier}
}

@article{honda98,
title={Language Primitives and Type Discipline for Structured Communication-Based Programming},
author={Kohei Honda and Vasco Vasconcelos and Makoto Kubo},
journal={ESOP, Springer LNCS},
year={1998},
publisher={Springer},
volume={1381},
pages={122--138},
series={LNCS}}

@inproceedings{honda2008multiparty,
  author    = {K. Honda and
               N. Yoshida and
               M. Carbone},
  title     = {Multiparty Asynchronous Session Types},
  booktitle_ = {Proceedings of the 35th ACM SIGACT-SIGPLAN Symposium on Principles of Programming Languages (POPL)},
  booktitle = {POPL '08},
  year      = {2008},
  pages     = {273--284},
  volume_ = {43},
  number_ = {1},
  publisher = {ACM}
}

@inproceedings{takikawa2016sound,
 author = {Takikawa, Asumu and Feltey, Daniel and Greenman, Ben and New, Max S. and Vitek, Jan and Felleisen, Matthias},
 title = {Is Sound Gradual Typing Dead?},
 booktitle = {Proceedings of the 43rd Annual ACM SIGPLAN-SIGACT Symposium on Principles of Programming Languages},
 series = {POPL '16},
 year = {2016},
 pages = {456--468},
 numpages = {13},
 publisher = {ACM},
}
@inproceedings{cuenca2015user,
 author = {Cuenca, Fredy and Bergh, Jan Van den and Luyten, Kris and Coninx, Karin},
 title = {A User Study for Comparing the Programming Efficiency of Modifying Executable Multimodal Interaction Descriptions: A Domain-specific Language Versus Equivalent Event-callback Code},
 booktitle = {Proceedings of the 6th Workshop on Evaluation and Usability of Programming Languages and Tools},
 series = {PLATEAU 2015},
 year = {2015},
 isbn = {978-1-4503-3907-0},
 pages = {31--38},
 numpages = {8},
 publisher = {ACM},
}


@inproceedings{kristensson2015aiding,
  title={Aiding programmers using lightweight integrated code visualization},
  author={Kristensson, Per Ola and Lam, Chung Leung},
  booktitle={Proceedings of the 6th Workshop on Evaluation and Usability of Programming Languages and Tools},
  pages={17--24},
  year={2015},
  numpages = {8},
  publisher = {ACM},
  }

@inproceedings{jakobsen2009fisheyes,
  title={Fisheyes in the field: using method triangulation to study the adoption and use of a source code visualization},
  author={Jakobsen, Mikkel R{\o}nne and Hornb{\ae}k, Kasper},
  booktitle={Proceedings of the SIGCHI Conference on Human Factors in Computing Systems},
  pages={1579--1588},
  year={2009},
  organization={ACM}
}

@article{GaySJ:substp,
author={Simon J. Gay and Malcolm J. Hole},
title={Subtyping for Session Types in the Pi Calculus},
journal={Acta Informatica},
volume={42},
number={2/3},
pages={191--225},
year={2005}
}

@inproceedings{Demangeon:substp,
 author = {Demangeon, Romain and Honda, Kohei},
 title = {Full Abstraction in a Subtyped Pi-calculus with Linear Types},
 booktitle = {Proceedings of the 22Nd International Conference on Concurrency Theory},
 series = {CONCUR'11},
 year = {2011},
 isbn = {978-3-642-23216-9},
 pages = {280--296},
 numpages = {17},
 publisher = {Springer-Verlag},
}

@phdthesis{mostrous2010session,
 title={Session types in concurrent calculi: higher-order processes and objects},
 author={Mostrous, Dimitris},
 year={2010},
 school={Imperial College London, UK}
}

@inproceedings{Thiemann2016,
 author = {Thiemann, Peter and Vasconcelos, Vasco T.},
 title = {Context-free Session Types},
 booktitle = {Proceedings of the 21st ACM SIGPLAN International Conference on Functional Programming},
 series = {ICFP 2016},
 year = {2016},
 isbn = {978-1-4503-4219-3},
 pages = {462--475},
 numpages = {14},
 publisher = {ACM},
 }
 @inproceedings{mostrous2007two,
   title={Two session typing systems for higher-order mobile processes},
   author={Mostrous, Dimitris and Yoshida, Nobuko},
   booktitle={International Conference on Typed Lambda Calculi and Applications},
   pages={321--335},
   year={2007},
   organization={Springer}
 }

 @inproceedings{pfenning2015,
   title={Polarized substructural session types},
   author={Pfenning, Frank and Griffith, Dennis},
   booktitle={International Conference on Foundations of Software Science and Computation Structures},
   pages={3--22},
   year={2015},
   organization={Springer}
 }

 @article{neykova2013session,
   title={Session types go dynamic or how to verify your {P}ython conversations},
   author={Neykova, Rumyana},
   journal={arXiv preprint arXiv:1312.2704},
   year={2013}
 }

 @inproceedings{dingo,
 author = {Ng, Nicholas and Yoshida, Nobuko},
 title = {Static Deadlock Detection for Concurrent Go by Global Session Graph Synthesis},
 booktitle = {Proceedings of the 25th International Conference on Compiler Construction},
 series = {CC 2016},
 year = {2016},
 isbn = {978-1-4503-4241-4},
 pages = {174--184},
 numpages = {11},
 url = {http://doi.acm.org/10.1145/2892208.2892232},
 publisher = {ACM},

}

@inproceedings{effectfullHaskell,
 author = {Orchard, Dominic and Yoshida, Nobuko},
 title = {Effects As Sessions, Sessions As Effects},
 booktitle = {Proceedings of the 43rd Annual ACM SIGPLAN-SIGACT Symposium on Principles of Programming Languages},
 series = {POPL '16},
 year = {2016},
 isbn = {978-1-4503-3549-2},
 pages = {568--581},
 publisher = {ACM},

}


@Inbook{Neykova2013,
author="Neykova, Rumyana
and Yoshida, Nobuko
and Hu, Raymond",
title="SPY: Local Verification of Global Protocols",
bookTitle="Runtime Verification: 4th International Conference, RV 2013, Rennes, France, September 24-27, 2013. Proceedings",
year="2013",
publisher="Springer Berlin Heidelberg",
pages="358--363",
isbn="978-3-642-40787-1",
}

@Inbook{Hu2013,
author="Hu, Raymond
and Neykova, Rumyana
and Yoshida, Nobuko
and Demangeon, Romain
and Honda, Kohei",
title="Practical Interruptible Conversations",
bookTitle="Runtime Verification: 4th International Conference, RV 2013, Rennes, France, September 24-27, 2013. Proceedings",
year="2013",
publisher="Springer Berlin Heidelberg",
pages="130--148",
isbn="978-3-642-40787-1",
}

@inproceedings{rust,
 author = {Jespersen, Thomas Bracht Laumann and Munksgaard, Philip and Larsen, Ken Friis},
 title = {Session Types for Rust},
 booktitle = {Proceedings of the 11th ACM SIGPLAN Workshop on Generic Programming},
 series = {WGP 2015},
 year = {2015},
 isbn = {978-1-4503-3810-3},
 pages = {13--22},
 numpages = {10},
 publisher = {ACM},
}

@inproceedings{co2facs,
 author = {Bartoletti, Massimo and Cimoli, Tiziana and Murgia, Maurizio and Podda, Alessandro Sebastian and Pompianu, Livio},
 title = {A Contract-Oriented Middleware},
 booktitle = {Revised Selected Papers of the 12th International Conference on Formal Aspects of Component Software - Volume 9539},
 series = {FACS 2015},
 year = {2016},
 isbn = {978-3-319-28933-5},
 pages = {86--104},
 publisher = {Springer-Verlag New York, Inc.},
}

@Inbook{Bartoletti2015,
author="Bartoletti, Massimo
and Cimoli, Tiziana
and Murgia, Maurizio
and Podda, Alessandro Sebastian
and Pompianu, Livio",
title="Compliance and Subtyping in Timed Session Types",
bookTitle="Formal Techniques for Distributed Objects, Components, and Systems: 35th IFIP WG 6.1 International Conference, FORTE 2015, Held as Part of the 10th International Federated Conference on Distributed Computing Techniques, DisCoTec 2015, Grenoble, France, June 2-4, 2015, Proceedings",
year="2015",
publisher="Springer International Publishing",
isbn="978-3-319-19195-9",
}

@article{singularity,
 author = {Hunt, Galen C. and Larus, James R.},
 title = {Singularity: Rethinking the Software Stack},
 journal = {SIGOPS Oper. Syst. Rev.},
 issue_date = {April 2007},
 volume = {41},
 number = {2},
 month = apr,
 year = {2007},
 pages = {37--49},
 publisher = {ACM},
}
